<record><leader>00000cas a22000007a 4500</leader><controlfield tag="001">16965481</controlfield><controlfield tag="008">871111d19641969iaucr ne      0    0eng d</controlfield><datafield ind1=" " ind2=" " tag="010"><subfield code="a">sn 87057064 </subfield></datafield><datafield ind1=" " ind2=" " tag="040"><subfield code="a">INP</subfield><subfield code="b">eng</subfield><subfield code="c">INP</subfield><subfield code="d">OCLCQ</subfield></datafield><datafield ind1=" " ind2=" " tag="042"><subfield code="a">msc</subfield></datafield><datafield ind1="0" ind2="0" tag="245"><subfield code="a">LeMars globe-post and the Floyd Valley news.</subfield></datafield><datafield ind1="3" ind2="0" tag="246"><subfield code="a">Le Mars globe-post and the Floyd Valley news</subfield></datafield><datafield ind1=" " ind2=" " tag="260"><subfield code="a">Le Mars, Iowa :</subfield><subfield code="b">Le Mars Daily Sentinel,</subfield><subfield code="c">1964-1969.</subfield></datafield><datafield ind1=" " ind2=" " tag="300"><subfield code="a">v.</subfield></datafield><datafield ind1=" " ind2=" " tag="310"><subfield code="a">Semiweekly</subfield></datafield><datafield ind1="0" ind2=" " tag="362"><subfield code="a">Vol. 82, no. 42 (May 25, 1964)-[v. 97, no. 94] (Nov. 27, 1969).</subfield></datafield><datafield ind1=" " ind2=" " tag="752"><subfield code="a">United States</subfield><subfield code="b">Iowa</subfield><subfield code="c">Plymouth</subfield><subfield code="d">Le Mars.</subfield></datafield><datafield ind1="0" ind2=" " tag="775"><subfield code="t">Mars daily sentinel (Le Mars, Iowa : 1958)</subfield><subfield code="w">(DLC)sn 85049883</subfield></datafield><datafield ind1="0" ind2="4" tag="780"><subfield code="t">Mars globe-post</subfield><subfield code="w">(DLC)sn 87057061</subfield></datafield><datafield ind1="0" ind2="4" tag="780"><subfield code="t">Floyd Valley news</subfield><subfield code="w">(DLC)sn 87057063</subfield></datafield><datafield ind1="0" ind2="4" tag="785"><subfield code="t">Mars daily sentinel (Le Mars, Iowa : 1958)</subfield><subfield code="w">(DLC)sn 85049883</subfield></datafield></record>